
@book{ref_book1,
	author = {Mark Newman},
	title = {Networks: An Introduction},
	date = {2010},
	edition = {1st},
	publisher = {Oxford University Press},
}

@online{ref_url1,
	title = {Project Source Code on Github},
	date = {30 Jan 2020},
	url = {https://github.com/kuangyu0801/WS19_ComplexNetworkSystem/},
}

@online{ref_url2,
	title = {Raw Data},
	date = {30 Jan 2020},
	url = {https://datahub.io/sports-data/atp-world-tour-tennis-data#resource-match_scores_1991-2016_unindexed},
}
Â 

@online{ref_url_cluster_coeff,
	title = {Clustering coefficient function of NetworkX},
	date = {30 Jan 2020},
	url = {https://networkx.github.io/documentation/stable/reference/algorithms/generated/networkx.algorithms.cluster.clustering.html?highlight=clustering#networkx.algorithms.cluster.clustering},
}

@online{ref_url_atp,
	title = {ATP Ranking},
	date = {30 Jan 2020},
	url = {https://www.atptour.com/en/rankings},
}

@online{ref_url_goat,
	title = {GOAT Ranking},
	date = {30 Jan 2020},
	url = {https://www.ultimatetennisstatistics.com/goatList},
}